@article{gotovos2021,
  title = {Scaling up {{Continuous-Time Markov Chains Helps Resolve Underspecification}}},
  author = {Gotovos, Alkis and Burkholz, Rebekka and Quackenbush, John and Jegelka, Stefanie},
  year = {2021},
  month = jul,
  journal = {arXiv:2107.02911 [cs, stat]},
  eprint = {2107.02911},
  eprinttype = {arxiv},
  primaryclass = {cs, stat},
  url = {http://arxiv.org/abs/2107.02911},
  urldate = {2021-07-12},
}



@article{greenbury2020hypertraps,
  title={HyperTraPS: Inferring probabilistic patterns of trait acquisition in evolutionary and disease progression pathways},
  author={Greenbury, Sam F and Barahona, Mauricio and Johnston, Iain G},
  journal={Cell systems},
  volume={10},
  number={1},
  pages={39--51},
  year={2020},
  publisher={Elsevier}
}
@article{schill2020modelling,
  title={Modelling cancer progression using mutual hazard networks},
  author={Schill, Rudolf and Solbrig, Stefan and Wettig, Tilo and Spang, Rainer},
  journal={Bioinformatics},
  volume={36},
  number={1},
  pages={241--249},
  year={2020},
  publisher={Oxford University Press}
}

@article{diaz2019every,
  title={Every which way? On predicting tumor evolution using cancer progression models},
  author={Diaz-Uriarte, Ramon and Vasallo, Claudia},
  journal={PLoS computational biology},
  volume={15},
  number={8},
  pages={e1007246},
  year={2019},
  publisher={Public Library of Science San Francisco, CA USA}
}
@article{gerstung2009quantifying,
  title={Quantifying cancer progression with conjunctive Bayesian networks},
  author={Gerstung, Moritz and Baudis, Michael and Moch, Holger and Beerenwinkel, Niko},
  journal={Bioinformatics},
  volume={25},
  number={21},
  pages={2809--2815},
  year={2009},
  publisher={Oxford University Press}
}
@article{gerstung2011temporal,
  title={The temporal order of genetic and pathway alterations in tumorigenesis},
  author={Gerstung, Moritz and Eriksson, Nicholas and Lin, Jimmy and Vogelstein, Bert and Beerenwinkel, Niko},
  journal={PloS one},
  volume={6},
  number={11},
  pages={e27136},
  year={2011},
  publisher={Public Library of Science San Francisco, USA}
}

@article{montazeri2016large,
  title={Large-scale inference of conjunctive Bayesian networks},
  author={Montazeri, Hesam and Kuipers, Jack and Kouyos, Roger and B{\"o}ni, J{\"u}rg and Yerly, Sabine and Klimkait, Thomas and Aubert, Vincent and G{\"u}nthard, Huldrych F and Beerenwinkel, Niko and Swiss HIV Cohort Study},
  journal={Bioinformatics},
  volume={32},
  number={17},
  pages={i727--i735},
  year={2016},
  publisher={Oxford University Press}
}
@book{tan2008handbook,
  title={Handbook of cancer models with applications},
  author={Tan, Wai-Yuan and Hanin, Leonid},
  volume={9},
  year={2008},
  publisher={World Scientific}
}
@article{desper1999inferring,
  title={Inferring tree models for oncogenesis from comparative genome hybridization data},
  author={Desper, Richard and Jiang, Feng and Kallioniemi, Olli-P and Moch, Holger and Papadimitriou, Christos H and Sch{\"a}ffer, Alejandro A},
  journal={Journal of computational biology},
  volume={6},
  number={1},
  pages={37--51},
  year={1999}
}

@incollection{Szabo2008,
  title = {Oncogenetic Trees},
  booktitle = {Handbook of Cancer Models with Applications},
  author = {Szabo, A and Boucher, Kenneth M},
  editor = {Tan, W-Y and Hanin, L},
  year = {2008},
  pages = {1--24},
  publisher = {{World Scientific}},
  url = {http://www.worldscibooks.com/lifesci/6677.html},
}

@article{Szabo2002,
  title = {Estimating an Oncogenetic Tree When False Negatives and Positives Are Present},
  author = {Szabo, Aniko and Boucher, Kenneth},
  year = {2002},
  month = {apr},
  journal = {Mathematical Biosciences},
  volume = {176},
  number = {2},
  pages = {219--236},
  doi = {10.1016/S0025-5564(02)00086-X},
  url = {http://dx.doi.org/10.1016/S0025-5564(02)00086-X},
}

@article{angaroni2021,
  title = {{{PMCE}}: Efficient Inference of Expressive Models of Cancer Evolution with High Prognostic Power},
  shorttitle = {{{PMCE}}},
  author = {Angaroni, Fabrizio and Chen, Kevin and Damiani, Chiara and Caravagna, Giulio and Graudenzi, Alex and Ramazzotti, Daniele},
  year = {2021},
  month = {oct},
  journal = {Bioinformatics},
  volume = {38},
  number = {3},
  pages = {754--762},
  issn = {1367-4803},
  doi = {10.1093/bioinformatics/btab717},
  url = {https://doi.org/10.1093/bioinformatics/btab717},
  urldate = {2021-12-16},
}


@article{tomczak2015cancer,
  title={The Cancer Genome Atlas (TCGA): an immeasurable source of knowledge},
  author={Tomczak, Katarzyna and Czerwi{\'n}ska, Patrycja and Wiznerowicz, Maciej},
  journal={Contemporary oncology},
  volume={19},
  number={1A},
  pages={A68},
  year={2015},
  publisher={Termedia Publishing}
}

@article{diaz2021conditional,
  title = {Conditional Prediction of Consecutive Tumor Evolution Using Cancer Progression Models: {{What}} Genotype Comes Next?},
  shorttitle = {Conditional Prediction of Consecutive Tumor Evolution Using Cancer Progression Models},
  author = {{Diaz-Colunga}, Juan and {Diaz-Uriarte}, Ramon},
  year = {2021},
  month = {dec},
  journal = {PLOS Computational Biology},
  volume = {17},
  number = {12},
  pages = {e1009055},
  publisher = {{Public Library of Science}},
  issn = {1553-7358},
  doi = {10.1371/journal.pcbi.1009055},
  url = {https://journals.plos.org/ploscompbiol/article?id=10.1371/journal.pcbi.1009055},
  urldate = {2022-02-08},
}


@article{nicol2021oncogenetic,
  title={Oncogenetic network estimation with disjunctive Bayesian networks},
  author={Nicol, Phillip B and Coombes, Kevin R and Deaver, Courtney and Chkrebtii, Oksana and Paul, Subhadeep and Toland, Amanda E and Asiaee, Amir},
  journal={Computational and Systems Oncology},
  volume={1},
  number={2},
  pages={e1027},
  year={2021},
  publisher={Wiley Online Library}
}
@article{hanahan2011hallmarks,
  title={Hallmarks of cancer: the next generation},
  author={Hanahan, Douglas and Weinberg, Robert A},
  journal={cell},
  volume={144},
  number={5},
  pages={646--674},
  year={2011},
  publisher={Elsevier},
}

@book{wilkinson2019stochastic,
  title={Stochastic modelling for systems biology, 3rd ed.},
  author={Wilkinson, Darren J},
  year={2019},
  publisher={Chapman and Hall/CRC},
}


@article{hosseini2019a,
  title = {Estimating the Predictability of Cancer Evolution},
  author = {Hosseini, Sayed-Rzgar and {Diaz-Uriarte}, Ramon and Markowetz, Florian and Beerenwinkel, Niko},
  year = {2019},
  month = {jul},
  journal = {Bioinformatics},
  volume = {35},
  number = {14},
  pages = {i389-i397},
  issn = {1367-4803},
  doi = {10.1093/bioinformatics/btz332},
  url = {https://academic.oup.com/bioinformatics/article/35/14/i389/5529151},
}

@article{Beerenwinkel2014,
  title = {Cancer Evolution: Mathematical Models and Computational Inference},
  author = {Beerenwinkel, Niko and Schwarz, Roland F and Gerstung, M. and Markowetz, Florian},
  year = {2015},
  journal = {Systematic Biology},
  volume = {64},
  number = {1},
  pages = {e1-e25},
  doi = {10.1093/sysbio/syu081},
  url = {http://sysbio.oxfordjournals.org/content/64/1/e1},
}

@article{beerenwinkel_computational_2016,
  title = {Computational Cancer Biology: An Evolutionary Perspective},
  author = {Beerenwinkel, Niko and Greenman, Chris D. and Lagergren, Jens},
  year = {2016},
  month = feb,
  journal = {PLoS Comput. Biol.},
  volume = {12},
  number = {2},
  pages = {e1004717},
  issn = {1553-7358},
  doi = {10.1371/journal.pcbi.1004717},
  url = {https://journals.plos.org/ploscompbiol/article?id=10.1371/journal.pcbi.1004717},
}


@article{Attolini2010a,
  title = {A Mathematical Framework to Determine the Temporal Sequence of Somatic Genetic Events in Cancer},
  author = {Attolini, CSO and Cheng, YK and Beroukhim, Rameen and Getz, Gad and {Abdel-Wahab}, Omar and Levine, Ross L. and Mellinghoff, Ingo K and Michor, Franziska},
  year = {2010},
  journal = {Proceedings of the National Academy of Sciences},
  volume = {107},
  number = {41},
  pages = {17604--17609},
  doi = {10.1073/pnas.1009117107},
  url = {http://www.pnas.org/content/107/41/17604.short},
}

@Manual{OTpackage,
    title = {Oncotree: Estimating Oncogenetic Trees},
    author = {Aniko Szabo and Lisa Pappas},
    year = {2022},
    note = {R package version 0.3.4},
    url = {https://CRAN.R-project.org/package=Oncotree},
  }


@article{RadmacherSimon2001,
  title = {Graph {{Models}} of {{Oncogenesis}} with an {{Application}} to {{Melanoma}}},
  author = {Radmacher, Michael D and Simon, Richard and Desper, Richard and Taetle, Raymond and Schaffer, Alejandro A and Nelson, Mark A},
  year = {2001},
  month = oct,
  journal = {Journal of Theoretical Biology},
  volume = {212},
  number = {4},
  pages = {535--548},
  doi = {10.1006/jtbi.2001.2395},
  url = {http://dx.doi.org/10.1006/jtbi.2001.2395},
}




@article{SimonDesper2000,
  title = {Chromosome Abnormalities in Ovarian Adenocarcinoma: {{III}}. {{Using}} Breakpoint Data to Infer and Test Mathematical Models for Oncogenesis},
  author = {Simon, Richard and Desper, Richard and Papadimitriou, Christos H and Peng, Amy and Alberts, David S and Taetle, Raymond and Trent, Jeffrey M and Sch{\"a}ffer, Alejandro A},
  year = {2000},
  journal = {Genes, Chromosomes and Cancer},
  volume = {28},
  number = {1},
  pages = {106--120},
  doi = {10.1002/(SICI)1098-2264(200005)28:1%3C106::AID-GCC13%3E3.0.CO;2-S},
  url = {http://dx.doi.org/10.1002/(SICI)1098-2264(200005)28:1<106::AID-GCC13>3.0.CO;2-S},
}


@article{Sakoparnig2012,
  title = {Efficient Sampling for {{Bayesian}} Inference of Conjunctive {{Bayesian}} Networks.},
  author = {Sakoparnig, Thomas and Beerenwinkel, Niko},
  year = {2012},
  month = sep,
  journal = {Bioinformatics (Oxford, England)},
  volume = {28},
  number = {18},
  pages = {2318--24},
  issn = {1367-4811},
  doi = {10.1093/bioinformatics/bts433},
  url = {http://www.ncbi.nlm.nih.gov/pubmed/22782551 http://www.bsse.ethz.ch/cbg/software/bayes-cbn},
}
